%% This BibTeX bibliography file was created using BibDesk.
%% http://bibdesk.sourceforge.net/


%% Created for Yi at 2013-05-12 15:30:29 -0400 


%% Saved with string encoding Unicode (UTF-8) 



@inproceedings{Kleinberg:00,
	Address = {New York},
	Author = {J. Kleinberg},
	Booktitle = {The 32nd Annu. ACM Symp. on Theory of Computing},
	Date-Added = {2013-03-11 02:06:35 +0000},
	Date-Modified = {2013-05-12 19:25:22 +0000},
	Organization = {Association of Computing Machinery},
	Pages = {163-170},
	Title = {The small-World phenomena: An algorithmic perspective},
	Year = {2000}}

@article{Watts:98,
	Author = {D. Watts and H. Strogatz},
	Date-Added = {2013-03-11 02:04:13 +0000},
	Date-Modified = {2013-03-11 02:06:33 +0000},
	Journal = {Nature},
	Pages = {393-440},
	Title = {The small world problem},
	Year = {1998}}

@article{Leeuw:77,
	Author = {J De Leeuw},
	Date-Added = {2013-03-11 00:52:53 +0000},
	Date-Modified = {2013-05-12 19:23:39 +0000},
	Journal = {Recent Developments in Stat.},
	Pages = {133-145},
	Title = {Applications of convex analysis to multidimensional scaling},
	Year = {1977}}

@article{Hager:89,
	Author = {W. Hager},
	Date-Added = {2013-03-11 00:14:14 +0000},
	Date-Modified = {2013-03-11 00:15:21 +0000},
	Journal = {SIAM Review},
	Month = {June},
	Pages = {221-239},
	Title = {Updating the inverse of a matrix},
	Volume = {31},
	Year = {1989}}

@article{Drineas:04,
	Author = {P. Drineas and A. Frieze and R. Kannan and S. Vempala and V. Vinay},
	Date-Added = {2013-03-11 00:13:07 +0000},
	Date-Modified = {2013-05-12 19:28:06 +0000},
	Journal = {Mach. Learning},
	Number = {9-33},
	Title = {Clustering large graphs via the singular value decomposition},
	Volume = {56},
	Year = {2004}}

@book{Golub:96,
	Address = {Baltimore and London},
	Author = {G. Golub and C. Loan},
	Date-Added = {2013-03-11 00:12:04 +0000},
	Date-Modified = {2013-04-20 22:11:18 +0000},
	Publisher = {Johns Hopkins University Press},
	Title = {Matrix Computation},
	Year = {1996}}

@article{Walshaw:03,
	Author = {C. Walshaw},
	Date-Added = {2013-03-11 00:11:12 +0000},
	Date-Modified = {2013-05-12 19:19:20 +0000},
	Journal = {Graph Algorithms and Applicat.},
	Number = {3},
	Title = {A Multilevel Algorithm for Force-Directed Graph Drawing},
	Volume = {7},
	Year = {2003}}

@article{Barnes:86,
	Author = {J. Barnes and P. Hut},
	Date-Added = {2013-03-11 00:10:20 +0000},
	Date-Modified = {2013-03-11 00:11:08 +0000},
	Journal = {Nature},
	Number = {4},
	Title = {A Hierarchical O(n log n) Force-Calculation Algorithm},
	Volume = {324},
	Year = {1986}}

@article{Leenders:95,
	Author = {R. Leenders},
	Date-Added = {2013-03-09 22:46:00 +0000},
	Date-Modified = {2013-05-12 19:23:48 +0000},
	Journal = {Math. Sociology},
	Pages = {1-21},
	Title = {Models for network dynamics: a Markovian framework},
	Volume = {20},
	Year = {1995}}

@article{Wasserman:80,
	Author = {S. Wasserman},
	Date-Added = {2013-03-09 22:44:02 +0000},
	Date-Modified = {2013-05-12 19:18:45 +0000},
	Journal = {J. of the Amer. Stat. Assoc.},
	Pages = {280-294},
	Title = {Analyzing social networks as stochastic processes},
	Volume = {75},
	Year = {1980}}

@article{Leinhardt:77a,
	Author = {P. Holland and S. Leinhardt},
	Date-Added = {2013-03-09 22:41:45 +0000},
	Date-Modified = {2013-05-12 19:23:24 +0000},
	Journal = {Math. Sociology},
	Pages = {5-20},
	Title = {A dynamic model for social networks},
	Volume = {5},
	Year = {1977}}

@article{Snijders:01,
	Author = {Tom A.B. Snijders},
	Date-Added = {2013-03-09 20:28:51 +0000},
	Date-Modified = {2013-05-12 19:20:48 +0000},
	Journal = {Sociol. Methodology},
	Pages = {361-395},
	Title = {The Statistical Evaluation of Social Network Dynamics},
	Year = {2001}}

@article{Moore:78,
	Author = {Michael Moore},
	Date-Added = {2013-03-08 22:23:28 +0000},
	Date-Modified = {2013-05-12 19:21:17 +0000},
	Journal = {European J. of Social Psychology},
	Pages = {401-405},
	Title = {An international application of Heider's balance theory},
	Volume = {8},
	Year = {1978}}

@article{Davis:63,
	Author = {James Davis},
	Date-Added = {2013-03-08 21:50:44 +0000},
	Date-Modified = {2013-05-12 19:28:20 +0000},
	Journal = {Amer. J. of Sociology},
	Pages = {444-462},
	Title = {Structural balance, mechanical solidarity, and interpersonal relations},
	Volume = {68},
	Year = {1963}}

@article{Harary:53,
	Author = {Frank Harary},
	Date-Added = {2013-03-08 19:28:11 +0000},
	Date-Modified = {2013-03-08 19:29:45 +0000},
	Journal = {Michigan Math},
	Number = {2},
	Pages = {143-146},
	Title = {On the notion of balance of a signed graph},
	Volume = {2},
	Year = {1953}}

@incollection{Ames:2011,
	Address = {New York},
	Author = {D.L. Ames and S.T. Fiske and A.T Todorov},
	Booktitle = {The Oxford Handbook of Social Neuroscience},
	Date-Modified = {2013-04-20 22:02:05 +0000},
	Editor = {J. Decety and J. Cacioppo},
	Pages = {419-433},
	Publisher = {Oxford University Press},
	Title = {Impression Formation: A Focus on Others' Intents},
	Year = {2011}}

@article{Fiske:2007,
	Author = {Susan T. Fiske and Amy J.C. Cuddy and Peter Glick},
	Date-Modified = {2013-04-20 22:14:13 +0000},
	Doi = {10.1016/j.tics.2006.11.005},
	Issn = {1364-6613},
	Journal = {Trends in Cognitive Sciences},
	Number = {2},
	Pages = {77 - 83},
	Title = {Universal dimensions of social cognition: warmth and competence},
	Volume = {11},
	Year = {2007},
	Bdsk-Url-1 = {http://www.sciencedirect.com/science/article/pii/S1364661306003299},
	Bdsk-Url-2 = {http://dx.doi.org/10.1016/j.tics.2006.11.005}}

@book{Adali:2013,
	Author = {Sibel Adal{\i}},
	Publisher = {Springer Briefs},
	Title = {Modeling Trust Context in Networks},
	Year = {2013}}

@article{Cartwright:56,
	Author = {D. Cartwright and F. Harary},
	Journal = {Psychological Review},
	Number = {5},
	Pages = {277-293},
	Title = {Structural balance: a generalization of Heider's theory},
	Volume = {63},
	Year = {1956}}

@article{Davis:67,
	Author = {J. Davis},
	Date-Modified = {2013-03-08 21:50:41 +0000},
	Journal = {Human Relations},
	Pages = {181-187},
	Title = {Clustering and structural balance in graphs},
	Year = {1967}}

@article{Doreian:02,
	Author = {P. Doreian},
	Journal = {Social Networks},
	Owner = {qiany3},
	Pages = {93-119},
	Timestamp = {2013.03.01},
	Title = {Event sequences as generators of social network evolution},
	Volume = {24},
	Year = {2002}}

@inproceedings{golbeck:distrust2011,
	Address = {MIT, Boston},
	Author = {T. DuBois and J. Golbeck and A. Srinavasan},
	Booktitle = {IEEE Int. Conference on Social Computing},
	Date-Modified = {2013-05-12 19:26:39 +0000},
	Title = {Predicting Trust and Distrust in Social Networks},
	Year = {2011}}

@inproceedings{DuBois:2009,
	Author = {T. DuBois and J. Golbeck and A. Srinivasan},
	Booktitle = {Proc. of the 2009 IEEE/WIC/ACM Int. Joint Conference on Web Intell. and Intelligent Agent Technology},
	Date-Modified = {2013-05-12 19:27:47 +0000},
	Pages = {655--658},
	Publisher = {IEEE Computer Society},
	Title = {Rigorous probabilistic trust-inference with applications to clustering},
	Volume = {01},
	Year = {2009}}

@book{kleinberg-book,
	Address = {New York},
	Author = {David Easley and Jon Kleinberg},
	Date-Modified = {2013-04-20 22:08:32 +0000},
	Publisher = {Cambridge University Press},
	Title = {Networks, Crowds, and Markets: Reasoning About a Highly Connected World},
	Year = {2010}}

@article{Gansner:05,
	Author = {E. R. Gansner and Y. Koren and S. North},
	Journal = {J. Pach (Ed.), Graph Drawing, Lecture Notes in Computer Science},
	Pages = {239-250},
	Publisher = {Berlin/Heidelberg: Springer},
	Title = {Graph Drawing by Stress Majorization},
	Volume = {3383},
	Year = {2005}}

@article{Granovetter:1973,
	Author = {M. Granovetter},
	Date-Modified = {2013-05-12 19:26:25 +0000},
	Issue = {6},
	Journal = {Amer. J. of Sociology},
	Pages = {1-22},
	Title = {The Strength of Weak Ties},
	Volume = {78},
	Year = {1973}}

@inproceedings{Guha:04,
	Author = {R. Guha and R. Kumar and P. Raghavan and A. Tomkins},
	Booktitle = {The 13th Int. Conference on World Wide Web. ACM},
	Date-Modified = {2013-05-12 19:26:05 +0000},
	Pages = {403--412},
	Title = {Propagation of trust and distrust},
	Year = {2004}}

@article{Heider:46,
	Author = {F. Heider},
	Date-Modified = {2013-05-12 19:25:48 +0000},
	Journal = {J. of Psychology},
	Pages = {107-12},
	Title = {Attitudes and cognitive organization},
	Year = {1946}}

@inproceedings{Khoury:12,
	Author = {M. Khoury and Yifan Hu and Shankar Krishnan and Carlos Scheidegger},
	Booktitle = {EuroVis},
	Title = {Drawing Large Graphs by Low-Rank Stress Majorization},
	Year = {2012}}

@inproceedings{Leskovec:2010,
	Author = {J. Leskovec and D. Huttenlocher and J. Kleinberg},
	Booktitle = {Proc. of the 19th Int. Conference on World Wide Web},
	Date-Modified = {2013-05-12 19:30:29 +0000},
	Pages = {641--650},
	Title = {Predicting positive and negative links in online social networks},
	Year = {2010}}

@inproceedings{Kleinberg:03,
	Author = {D. Liben-Nowell and J. Kleinberg},
	Booktitle = {Int. Conference on Inform. and Knowledge Manage.},
	Date-Modified = {2013-05-12 19:24:41 +0000},
	Pages = {556-559},
	Title = {The link prediction problem for social networks},
	Year = {2003}}

@article{Tomasello:2005,
	Author = {Tomasello,Michael and Carpenter,Malinda and Call,Josep and Behne,Tanya and Moll,Henrike},
	Journal = {Behavioral and Brain Sciences},
	Number = {5},
	Pages = {675-91; discussion 691-735},
	Title = {Understanding and sharing intentions: The origins of cultural cognition},
	Volume = {28},
	Year = {2005}}

@article{Uzzi:1996,
	Author = {Brian Uzzi},
	Date-Modified = {2013-05-12 19:20:01 +0000},
	Issue = {4},
	Journal = {Amer. Sociol. Review},
	Pages = {674-698},
	Title = {The sources and consequences of embeddedness for the economic performance of organizations: The network effect.},
	Volume = {61},
	Year = {1996}}
